@online{jsl-6.2,
    title       = "The Java Language Specification\#Names and Identifiers",
    month       = "สิงหาคม",
    year        = "2021",
    url         = "https://docs.oracle.com/javase/specs/jls/se17/html/jls-6.html#jls-6.2"
}

@online{jsl-4.2.1,
    title       = "The Java Language Specification\#Integral Types and Values",
    month       = "สิงหาคม",
    year        = "2021",
    url         = "https://docs.oracle.com/javase/specs/jls/se17/html/jls-4.html#jls-4.2.1"
}
